
%%%%%%%%%%%%%%%
%% XRF020903 %%
%%%%%%%%%%%%%%%

@ARTICLE{GCN.1531,
    author = {{Tristram}, P. and {Castro-Tirado}, A.~J. and {Gorosabel}, J. and 
	{Castro Ceron}, J.~M. and {Kilmartin}, P. and {Furuta}, Y. and 
	{Yock}, P.},
    title = "{XRF 020903, optical observations.}",
    journal = {GRB Circular Network},
    year = 2002,
    volume = 1531,
    pages = {1-+},
    adsurl = {http://adsabs.harvard.edu/cgi-bin/nph-bib_query?bibcode=2002GCN..1531....1T&db_key=AST},
    adsnote = {Provided by the NASA Astrophysics Data System}
}

@ARTICLE{GCN.1533,
    author = {{Price}, P.~A. and {Schmidt}, B.~P. and {Axelrod}, T.~S.},
    title = "{XRF 020903: optical observations.}",
    journal = {GRB Circular Network},
    year = 2002,
    volume = 1533,
    pages = {1-+},
    adsurl = {http://adsabs.harvard.edu/cgi-bin/nph-bib_query?bibcode=2002GCN..1533....1P&db_key=AST},
    adsnote = {Provided by the NASA Astrophysics Data System}
}

@ARTICLE{GCN.1535,
    author = {{Pavlenko}, E. and {Rumyantsev}, V. and {Pozanenko}, A.},
    title = "{XRF 020903: optical observations.}",
    journal = {GRB Circular Network},
    year = 2002,
    volume = 1535,
    pages = {1-+},
    adsurl = {http://adsabs.harvard.edu/cgi-bin/nph-bib_query?bibcode=2002GCN..1535....1P&db_key=AST},
    adsnote = {Provided by the NASA Astrophysics Data System}
}

@ARTICLE{GCN.1537,
    author = {{Uemura}, M. and {Ishioka}, R. and {Kato}, T. and {Yamaoka}, H.
	},
    title = "{XRF 020903: optical observation at kyoto.}",
    journal = {GRB Circular Network},
    year = 2002,
    volume = 1537,
    pages = {1-+},
    adsurl = {http://adsabs.harvard.edu/cgi-bin/nph-bib_query?bibcode=2002GCN..1537....1U&db_key=AST},
    adsnote = {Provided by the NASA Astrophysics Data System}
}

@ARTICLE{GCN.1554,
    author = {{Soderberg}, A.~M. and {Price}, P.~A. and {Fox}, D.~W. and {Kulkarni}, S.~R. and 
	{Djorgovski}, S.~G. and {Berger}, E. and {Harrison}, F. and 
	{Yost}, S. and {Hamuy}, M. and {Shectman}, S. and {Mirabal}, N. and 
	{Halpern}, J.},
    title = "{XRF 020903: supernova.}",
    journal = {GRB Circular Network},
    year = 2002,
    volume = 1554,
    pages = {1-+},
    adsurl = {http://adsabs.harvard.edu/cgi-bin/nph-bib_query?bibcode=2002GCN..1554....1S&db_key=AST},
    adsnote = {Provided by the NASA Astrophysics Data System}
}

@ARTICLE{GCN.1555,
    author = {{Berger}, E. and {Kulkarni}, S.~R. and {Frail}, D.~A. and {Soderberg}, A. and 
	{Price}, P.~A. and {Fox}, D.~W. and {Harrison}, F.~A. and {Yost}, S. and 
	{Soderberg}, A.~M. and {Kulkarni}, S.~R.},
    title = "{Radio observations of XRF 020903: the missing link.}",
    journal = {GRB Circular Network},
    year = 2002,
    volume = 1555,
    pages = {1-+},
    adsurl = {http://adsabs.harvard.edu/cgi-bin/nph-bib_query?bibcode=2002GCN..1555....1B&db_key=AST},
    adsnote = {Provided by the NASA Astrophysics Data System}
}

@ARTICLE{GCN.1556,
    author = {{Gal-Yam}, A.},
    title = "{XRF 020903: archival optical images.}",
    journal = {GRB Circular Network},
    year = 2002,
    volume = 1556,
    pages = {1-+},
    adsurl = {http://adsabs.harvard.edu/cgi-bin/nph-bib_query?bibcode=2002GCN..1556....1G&db_key=AST},
    adsnote = {Provided by the NASA Astrophysics Data System}
}

@ARTICLE{GCN.1557,
    author = {{Fruchter}, A. and {Strolger}, L. and {Mobasher}, B. and {Rhoads}, J. and 
	{Levan}, A. and {Burud}, I. and {Becker}, A.},
    title = "{XRF 020903: r band observations.}",
    journal = {GRB Circular Network},
    year = 2002,
    volume = 1557,
    pages = {1-+},
    adsurl = {http://adsabs.harvard.edu/cgi-bin/nph-bib_query?bibcode=2002GCN..1557....1F&db_key=AST},
    adsnote = {Provided by the NASA Astrophysics Data System}
}

@ARTICLE{GCN.1558,
    author = {{Fruchter}, A.~S.},
    title = "{GRB 020903: correction to GCN 1557.}",
    journal = {GRB Circular Network},
    year = 2002,
    volume = 1558,
    pages = {1-+},
    adsurl = {http://adsabs.harvard.edu/cgi-bin/nph-bib_query?bibcode=2002GCN..1558....1F&db_key=AST},
    adsnote = {Provided by the NASA Astrophysics Data System}
}

@ARTICLE{GCN.1560,
    author = {{Stefanon}, M. and {Covino}, S. and {Malesani}, D. and {Masetti}, N. and 
	{Temporin}, G. and {Desidera}, S.},
    title = "{XRF 020903: VRI observations.}",
    journal = {GRB Circular Network},
    year = 2002,
    volume = 1560,
    pages = {1-+},
    adsurl = {http://adsabs.harvard.edu/cgi-bin/nph-bib_query?bibcode=2002GCN..1560....1S&db_key=AST},
    adsnote = {Provided by the NASA Astrophysics Data System}
}

@ARTICLE{GCN.1561,
    author = {{Stefanon}, M. and {Covino}, S. and {Malesani}, D. and {Masetti}, N. and 
	{Temporin}, G. and {Desidera}, S.},
    title = "{XRF 020903: correction to GCN 1560.}",
    journal = {GRB Circular Network},
    year = 2002,
    volume = 1561,
    pages = {1-+},
    adsurl = {http://adsabs.harvard.edu/cgi-bin/nph-bib_query?bibcode=2002GCN..1561....1S&db_key=AST},
    adsnote = {Provided by the NASA Astrophysics Data System}
}

@ARTICLE{GCN.1562,
    author = {{Torii}, K. and {Yamaoka}, H.},
    title = "{GRB 020903: optical observations at RIKEN.}",
    journal = {GRB Circular Network},
    year = 2002,
    volume = 1562,
    pages = {1-+},
    adsurl = {http://adsabs.harvard.edu/cgi-bin/nph-bib_query?bibcode=2002GCN..1562....1T&db_key=AST},
    adsnote = {Provided by the NASA Astrophysics Data System}
}

@ARTICLE{GCN.1563,
    author = {{Covino}, S. and {Malesani}, D. and {Ghisellini}, G. and {Stefanon}, M. and 
	{Tavecchio}, F. and {Covone}, G. and {Fugazza}, D. and {di}, A.~P. and 
	{Israel}, G.~L. and {Mannucci}, F. and {Masetti}, N. and {Pian}, E.
	},
    title = "{XRF020903: TNG and asiago photometry.}",
    journal = {GRB Circular Network},
    year = 2002,
    volume = 1563,
    pages = {1-+},
    adsurl = {http://adsabs.harvard.edu/cgi-bin/nph-bib_query?bibcode=2002GCN..1563....1C&db_key=AST},
    adsnote = {Provided by the NASA Astrophysics Data System}
}

@ARTICLE{GCN.1571,
    author = {{Henden}, A.},
    title = "{XRF020903, BVRI field photometry.}",
    journal = {GRB Circular Network},
    year = 2002,
    volume = 1571,
    pages = {1-+},
    adsurl = {http://adsabs.harvard.edu/cgi-bin/nph-bib_query?bibcode=2002GCN..1571....1H&db_key=AST},
    adsnote = {Provided by the NASA Astrophysics Data System}
}

@ARTICLE{GCN.1609,
    author = {{Chornock}, R. and {Filippenko}, A.~V.},
    title = "{XRF 020903 spectrum.}",
    journal = {GRB Circular Network},
    year = 2002,
    volume = 1609,
    pages = {1-+},
    adsurl = {http://adsabs.harvard.edu/cgi-bin/nph-bib_query?bibcode=2002GCN..1609....1C&db_key=AST},
    adsnote = {Provided by the NASA Astrophysics Data System}
}

@ARTICLE{GCN.1631,
    author = {{Gorosabel}, J. and {Hjorth}, J. and {Pedersen}, H. and {Jensen}, B.~L. and 
	{Fynbo}, J.~P.~U. and {Andersen}, M. and {Castro Ceron}, J.~M. and 
	{Castro-Tirado}, A.~J.},
    title = "{XRF 020903: flattening of the optical light curve.}",
    journal = {GRB Circular Network},
    year = 2002,
    volume = 1631,
    pages = {1-+},
    adsurl = {http://adsabs.harvard.edu/cgi-bin/nph-bib_query?bibcode=2002GCN..1631....1G&db_key=AST},
    adsnote = {Provided by the NASA Astrophysics Data System}
}

@ARTICLE{GCN.1761,
    author = {{Levan}, A. and {Fruchter}, A. and {Strolger}, L. and {Burud}, I. and 
	{Rhoads}, J.},
    title = "{XRF 020903 : HST observations.}",
    journal = {GRB Circular Network},
    year = 2002,
    volume = 1761,
    pages = {1-+},
    adsurl = {http://adsabs.harvard.edu/cgi-bin/nph-bib_query?bibcode=2002GCN..1761....1L&db_key=AST},
    adsnote = {Provided by the NASA Astrophysics Data System}
}

@ARTICLE{GCN.1530,
    author = {{Ricker}, G. and {Atteia}, J.-L. and {Kawai}, N. and {Lamb}, D. and 
	{Woosley}, S. and {Vanderspek}, R. and {Doty}, J. and {Villasenor}, J. and 
	{Crew}, G. and {Monnelly}, G. and {Butler}, N. and {Cline}, T. and 
	{Jernigan}, J.~G. and {Levine}, A. and {Martel}, F. and {Morgan}, E. and 
	{Prigozhin}, G. and {Azzibrouck}, G. and {Braga}, J. and {Manchanda}, R. and 
	{Pizzichini}, G. and {Graziani}, C. and {Shirasaki}, Y. and 
	{Matsuoka}, M. and {Tamagawa}, T. and {Torii}, K. and {Sakamoto}, T. and 
	{Yoshida}, A. and {Fenimore}, E. and {Galassi}, M. and {Tavenner}, T. and 
	{Donaghy}, T. and {Boer}, M. and {Olive}, J.-F. and {Dezalay}, J.-P. and 
	{Hurley}, K.},
    title = "{GRB020903(=H2314): an X-ray flash localized by HETE.}",
    journal = {GRB Circular Network},
    year = 2002,
    volume = 1530,
    pages = {1-+},
    adsurl = {http://adsabs.harvard.edu/cgi-bin/nph-bib_query?bibcode=2002GCN..1530....1R&db_key=AST},
    adsnote = {Provided by the NASA Astrophysics Data System}
}

%%%%%%%%%%%%%%%%%%%%%%%%%%%%%%%%%%%%%%%%%%%%%%%%%%%%%%%%%%%%%%%%%%%%%%

%%%%%%%%%%%%%%%
%% XRF030723 %%
%%%%%%%%%%%%%%%

@ARTICLE{GCN.2313,
    author = {{Prigozhin}, G. and {Butler}, N. and {Crew}, G. and {Doty}, J. and 
	{Dullighan}, A. and {Vanderspek}, R. and {Villasenor}, J. and 
	{Cline}, T. and {Jernigan}, J.~G. and {Levine}, A. and {Martel}, F. and 
	{Morgan}, E. and {Monnelly}, G. and {Azzibrouck}, G. and {Braga}, J. and 
	{Manchanda}, R. and {Pizzichini}, G. and {Ricker}, G. and {Atteia}, J.-L. and 
	{Kawai}, N. and {Lamb}, D. and {Woosley}, S. and {Barraud}, C. and 
	{Boer}, M. and {Olive}, J.-F. and {Dezalay}, J.-P. and {Hurley}, K. and 
	{Tamagawa}, T. and {Suzuki}, M. and {Graziani}, C. and {Shirasaki}, Y. and 
	{Donaghy}, T. and {Matsuoka}, M. and {Torii}, K. and {Sakamoto}, T. and 
	{Yoshida}, A. and {Fenimore}, E. and {Galassi}, M. and {Nakagawa}, Y. and 
	{Satoh}, R. and {Urata}, Y. and {Yamazaki}, T. and {Yamamoto}, Y.
	},
    title = "{XRF030723 (=H2777): an X-ray flash localized by the HETE WXM and.}",
    journal = {GRB Circular Network},
    year = 2003,
    volume = 2313,
    pages = {1-+},
    adsnote = {Provided by the NASA Astrophysics Data System}
}

@ARTICLE{GCN.2314,
    author = {{de Ugarte}, A. and {Tristram}, P. and {Sekiguchi}, T. and {Jelinek}, M. and 
	{Gorosabel}, J. and {Guziy}, S. and {Kilmartin}, P. and {Castro Ceron}, J.~M. and 
	{Kilmartin}, P. and {Yock}, P. and {Castro-Tirado}, A.~J.},
    title = "{XRF 030723, optical observations.}",
    journal = {GRB Circular Network},
    year = 2003,
    volume = 2314,
    pages = {1-+},
    adsurl = {http://adsabs.harvard.edu/cgi-bin/nph-bib_query?bibcode=GCN.2314,....1D&db_key=AST},
    adsnote = {Provided by the NASA Astrophysics Data System}
}

@ARTICLE{GCN.2315,
    author = {{Li}, W. and {Chornock}, R. and {Filippenko}, A.~V. and {Jha}, S.
	},
    title = "{XRF030723, optical observations.}",
    journal = {GRB Circular Network},
    year = 2003,
    volume = 2315,
    pages = {1-+},
    adsurl = {http://adsabs.harvard.edu/cgi-bin/nph-bib_query?bibcode=2003GCN..2315....1L&db_key=AST},
    adsnote = {Provided by the NASA Astrophysics Data System}
}

@ARTICLE{GCN.2316,
    author = {{Bond}, H.~E.},
    title = "{XRF 030723, optical observations.}",
    journal = {GRB Circular Network},
    year = 2003,
    volume = 2316,
    pages = {1-+},
    adsurl = {http://adsabs.harvard.edu/cgi-bin/nph-bib_query?bibcode=2003GCN..2316....1B&db_key=AST},
    adsnote = {Provided by the NASA Astrophysics Data System}
}

@ARTICLE{GCN.2317,
    author = {{Henden}, A.},
    title = "{XRF030723, BVRcIc field photometry.}",
    journal = {GRB Circular Network},
    year = 2003,
    volume = 2317,
    pages = {1-+},
    adsurl = {http://adsabs.harvard.edu/cgi-bin/nph-bib_query?bibcode=2003GCN..2317....1H&db_key=AST},
    adsnote = {Provided by the NASA Astrophysics Data System}
}

@ARTICLE{GCN.2318,
    author = {{Smith}, D.~A. and {Quimby}, R.},
    title = "{XRF030723, ROTSE-III early observations.}",
    journal = {GRB Circular Network},
    year = 2003,
    volume = 2318,
    pages = {1-+},
    adsurl = {http://adsabs.harvard.edu/cgi-bin/nph-bib_query?bibcode=2003GCN..2318....1S&db_key=AST},
    adsnote = {Provided by the NASA Astrophysics Data System}
}

@ARTICLE{GCN.2319,
    author = {{Henden}, A.~A.},
    title = "{XRF030723, BVRcIc field photometry correction.}",
    journal = {GRB Circular Network},
    year = 2003,
    volume = 2319,
    pages = {1-+},
    adsurl = {http://adsabs.harvard.edu/cgi-bin/nph-bib_query?bibcode=2003GCN..2319....1H&db_key=AST},
    adsnote = {Provided by the NASA Astrophysics Data System}
}

@ARTICLE{GCN.2320,
    author = {{Ricker}, G. and {Ford}, P. and {Butler}, N. and {Vanderspek}, R. and 
	{Villasenor}, J. and {Lamb}, D. and {Garmire}, G. and {Piro}, L. and 
	{Jernigan}, J.~G.},
    title = "{XRF030723 (= H2777): Chandra observations scheduled.}",
    journal = {GRB Circular Network},
    year = 2003,
    volume = 2320,
    pages = {1-+},
    adsurl = {http://adsabs.harvard.edu/cgi-bin/nph-bib_query?bibcode=2003GCN..2320....1R&db_key=AST},
    adsnote = {Provided by the NASA Astrophysics Data System}
}

@ARTICLE{GCN.2321,
    author = {{Jensen}, B.~L. and {Gorosabel}, J. and {Hjorth}, J. and {Vinter}, C. and 
	{Fynbo}, J.~P.~U. and {Vreeswijk}, P.~M.},
    title = "{XRF030723: optical observations.}",
    journal = {GRB Circular Network},
    year = 2003,
    volume = 2321,
    pages = {1-+},
    adsurl = {http://adsabs.harvard.edu/cgi-bin/nph-bib_query?bibcode=2003GCN..2321....1J&db_key=AST},
    adsnote = {Provided by the NASA Astrophysics Data System}
}

@ARTICLE{GCN.2323,
    author = {{Fox}, D.~B. and {Kaplan}, D.~L. and {Cenko}, B. and {Kulkarni}, S.~R. and 
	{Nechita}, A.},
    title = "{XRF030723: Palomar observations and proposed counterpart.}",
    journal = {GRB Circular Network},
    year = 2003,
    volume = 2323,
    pages = {1-+},
    adsurl = {http://adsabs.harvard.edu/cgi-bin/nph-bib_query?bibcode=2003GCN..2323....1F&db_key=AST},
    adsnote = {Provided by the NASA Astrophysics Data System}
}

@ARTICLE{GCN.2325,
    author = {{Wood-Vasey}, W.~M. and {Bambery}, R. and {Pravdo}, S. and {Hicks}, M. and 
	{Lawrence}, K.},
    title = "{GRB030723: upper limits from historical observations.}",
    journal = {GRB Circular Network},
    year = 2003,
    volume = 2325,
    pages = {1-+},
    adsurl = {http://adsabs.harvard.edu/cgi-bin/nph-bib_query?bibcode=2003GCN..2325....1W&db_key=AST},
    adsnote = {Provided by the NASA Astrophysics Data System}
}

@ARTICLE{GCN.2326,
    author = {{Dullighan}, A. and {Butler}, N. and {Vanderspek}, R. and {Villasenor}, J. and 
	{Ricker}, G.},
    title = "{Magellan observations of XRF030723 (=H2777).}",
    journal = {GRB Circular Network},
    year = 2003,
    volume = 2326,
    pages = {1-+},
    adsurl = {http://adsabs.harvard.edu/cgi-bin/nph-bib_query?bibcode=2003GCN..2326....1D&db_key=AST},
    adsnote = {Provided by the NASA Astrophysics Data System}
}

@ARTICLE{GCN.2327,
    author = {{Fynbo}, J.~P.~U. and {Hjorth}, J. and {Gorosabel}, J. and {Vreeswijk}, P.~M. and 
	{Rhoads}, J.~E.},
    title = "{XRF 030723: VLT spectra.}",
    journal = {GRB Circular Network},
    year = 2003,
    volume = 2327,
    pages = {1-+},
    adsurl = {http://adsabs.harvard.edu/cgi-bin/nph-bib_query?bibcode=2003GCN..2327....1F&db_key=AST},
    adsnote = {Provided by the NASA Astrophysics Data System}
}

@ARTICLE{GCN.2328,
    author = {{Butler}, N. and {Ford}, P. and {Ricker}, G. and {Vanderspek}, R. and 
	{Villasenor}, J. and {Lamb}, D. and {Garmire}, G. and {Piro}, L. and 
	{Jernigan}, J.~G.},
    title = "{XRF030723(=H2777): Chandra observations.}",
    journal = {GRB Circular Network},
    year = 2003,
    volume = 2328,
    pages = {1-+},
    adsurl = {http://adsabs.harvard.edu/cgi-bin/nph-bib_query?bibcode=2003GCN..2328....1B&db_key=AST},
    adsnote = {Provided by the NASA Astrophysics Data System}
}

@ARTICLE{GCN.2329,
    author = {{Bond}, H.~E.},
    title = "{XRF 030723: confirmation of fading optical counterpart.}",
    journal = {GRB Circular Network},
    year = 2003,
    volume = 2329,
    pages = {1-+},
    adsurl = {http://adsabs.harvard.edu/cgi-bin/nph-bib_query?bibcode=2003GCN..2329....1B&db_key=AST},
    adsnote = {Provided by the NASA Astrophysics Data System}
}

@ARTICLE{GCN.2330,
    author = {{Soderberg}, A.~M. and {Berger}, E. and {Frail}, D.~A.},
    title = "{XRF030723 radio observations.}",
    journal = {GRB Circular Network},
    year = 2003,
    volume = 2330,
    pages = {1-+},
    adsurl = {http://adsabs.harvard.edu/cgi-bin/nph-bib_query?bibcode=2003GCN..2330....1S&db_key=AST},
    adsnote = {Provided by the NASA Astrophysics Data System}
}

@ARTICLE{GCN.2336,
    author = {{Dullighan}, A. and {Butler}, N. and {Vanderspek}, R. and {Villasenor}, J. and 
	{Ricker}, G.},
    title = "{XRF030723 (=H2777): second /session define format EPOCH1 = magellan observations.}",
    journal = {GRB Circular Network},
    year = 2003,
    volume = 2336,
    pages = {1-+},
    adsurl = {http://adsabs.harvard.edu/cgi-bin/nph-bib_query?bibcode=2003GCN..2336....1D&db_key=AST},
    adsnote = {Provided by the NASA Astrophysics Data System}
}

@ARTICLE{GCN.2338,
    author = {{Smith}, D.~A. and {Akerlof}, C.~W. and {Quimby}, R.},
    title = "{XRF030723: re-analysis of ROTSE-III early images.}",
    journal = {GRB Circular Network},
    year = 2003,
    volume = 2338,
    pages = {1-+},
    adsurl = {http://adsabs.harvard.edu/cgi-bin/nph-bib_query?bibcode=2003GCN..2338....1S&db_key=AST},
    adsnote = {Provided by the NASA Astrophysics Data System}
}

@ARTICLE{GCN.2343,
    author = {{Henden}, A.},
    title = "{XRF030723, BVRcIc field photometry update.}",
    journal = {GRB Circular Network},
    year = 2003,
    volume = 2343,
    pages = {1-+},
    adsurl = {http://adsabs.harvard.edu/cgi-bin/nph-bib_query?bibcode=2003GCN..2343....1H&db_key=AST},
    adsnote = {Provided by the NASA Astrophysics Data System}
}

@ARTICLE{GCN.2345,
    author = {{Fynbo}, J.~P.~U. and {Hjorth}, J. and {Gorosabel}, J. and {Jensen}, B.~L. and 
	{Andersen}, M.~I. and {Wijers}, R.~A.~M.~J. and {Kouveliotou}, C.
	},
    title = "{XRF 030723: detection of a rebrightening in the optical afterglow.}",
    journal = {GRB Circular Network},
    year = 2003,
    volume = 2345,
    pages = {1-+},
    adsurl = {http://adsabs.harvard.edu/cgi-bin/nph-bib_query?bibcode=2003GCN..2345....1F&db_key=AST},
    adsnote = {Provided by the NASA Astrophysics Data System}
}

@ARTICLE{GCN.2347,
    author = {{Butler}, N. and {Ford}, P. and {Ricker}, G. and {Vanderspek}, R. and 
	{Villasenor}, J. and {Lamb}, D. and {Garmire}, G. and {Piro}, L. and 
	{Jernigan}, J.~G.},
    title = "{XRF030723(=H2777): Chandra fading X-ray afterglow confirmed.}",
    journal = {GRB Circular Network},
    year = 2003,
    volume = 2347,
    pages = {1-+},
    adsurl = {http://adsabs.harvard.edu/cgi-bin/nph-bib_query?bibcode=2003GCN..2347....1B&db_key=AST},
    adsnote = {Provided by the NASA Astrophysics Data System}
}

@ARTICLE{GCN.2312,
    author = {{Monard}, B.},
    title = "{GRB030723, optical observations.}",
    journal = {GRB Circular Network},
    year = 2003,
    volume = 2312,
    pages = {1-+},
    adsurl = {http://adsabs.harvard.edu/cgi-bin/nph-bib_query?bibcode=2003GCN..2312....1M&db_key=AST},
    adsnote = {Provided by the NASA Astrophysics Data System}
}

@ARTICLE{GCN.2403,
    author = {{Fynbo}, J.~P.~U. and {Hjorth}, J. and {Jensen}, B.~L. and 
	{Sollerman}, J. and {Andersen}, M.~I. and {Gorosabel}, J.},
    title = "{XRF 030723: Detection of the likely host galaxy.}",
    journal = {GRB Circular Network},
    year = 2003,
    volume = 2403,
    pages = {1-+},
    adsurl = {http://adsabs.harvard.edu/cgi-bin/nph-bib_query?bibcode=2003GCN..2403....1F&db_key=AST},
    adsnote = {Provided by the NASA Astrophysics Data System}
}

@ARTICLE{GCN.2412,
    author = {{Kawai}, N. and {Kosugi}, G. and {Komiyama}, Y. and
              {Furusawa}, H. and {Urata}, Y. and {Yamada}, T.},
    title = "{XRF 030723: Subaru Optical Observations.}",
    journal = {GRB Circular Network},
    year = 2003,
    volume = 2412,
    pages = {1-+},
    adsurl = {http://adsabs.harvard.edu/cgi-bin/nph-bib_query?bibcode=2003GCN..2412....1K&db_key=AST},
    adsnote = {Provided by the NASA Astrophysics Data System}
}

@ARTICLE{GCN.2734,
   author = {{Fox}, D.~B. and {Moon}, D.-S.},
    title = "{GRB040924 (H3564): optical afterglow candidate.}",
  journal = {GRB Circular Network},
     year = 2004,
   volume = 2734,
    pages = {1-+},
   adsurl = {http://adsabs.harvard.edu/cgi-bin/nph-bib_query?bibcode=2004GCN..2734....1F&db_key=AST},
  adsnote = {Provided by the Smithsonian/NASA Astrophysics Data System}
}

@ARTICLE{GCN.2752,
   author = {{Khamitov}, I. and {Aslan}, Z. and {Yesilyaprak}, C. and {Kiziloglu}, U. and 
	{Gogus}, E. and {Alpar}, A. and {Burenin}, R. and {Pavlinsky}, M. and 
	{Sunyaev}, R. and {Bikmaev}, I. and {Sakhibullin}, N.},
    title = "{GRB040924, RTT150 optical observation.}",
  journal = {GRB Circular Network},
     year = 2004,
   volume = 2752,
    pages = {1-+},
   adsurl = {http://adsabs.harvard.edu/cgi-bin/nph-bib_query?bibcode=2004GCN..2752....1K&db_key=AST},
  adsnote = {Provided by the Smithsonian/NASA Astrophysics Data System}
}

@ARTICLE{GCN.3368,
   author = {{Berger}, E. and {Cenko}, S.~B. and {Steidel}, C. and {Reddy}, N. and 
	{Fox}, D.~B.},
    title = "{GRB 050505: Keck absorption spectrum and redshift (z=4.27).}",
  journal = {GRB Circular Network},
     year = 2005,
   volume = 3368,
    pages = {1-+},
   adsurl = {http://adsabs.harvard.edu/cgi-bin/nph-bib_query?bibcode=2005GCN..3368....1B&db_key=AST},
  adsnote = {Provided by the Smithsonian/NASA Astrophysics Data System}
}

@unpublished{GCN.8223,
    author = {{Greiner}, J. and {Kruehler}, T.
         and {Rossi}, A.},
    title = "{GRB 080913: GROND photo-z}",
    year = 2008,
    note = "{GCN Circular} 8223"
}

